@article{BesnardGHMPST14,
  author    = {Philippe Besnard and
               Alejandro Javier Garc{\'{\i}}a and
               Anthony Hunter and
               Sanjay Modgil and
               Henry Prakken and
               Guillermo Ricardo Simari and
               Francesca Toni},
  title     = {Introduction to structured argumentation},
  journal   = {Argument Comput.},
  volume    = {5},
  number    = {1},
  pages     = {1--4},
  year      = {2014},
}


@incollection{CyrasFST18,
  author    = {Kristijonas Cyras and
               Xiuyi Fan and
               Claudia Schulz and
               Francesca Toni},
  title     = {Assumption-Based Argumentation: Disputes, Explanations, Preferences},
  booktitle = {Handbook of Formal Argumentation},
  editor    = {Baroni, P. and Gabbay, D. and Giacomin, M.},
  COMpublisher = {College Publications},
  pages     = {365--408},
  year      = {2018}
}



@article{BondarenkoDKT97,
  author    = {Andrei Bondarenko and
               Phan Minh Dung and
               Robert A. Kowalski and
               Francesca Toni},
  title     = {An Abstract, Argumentation-Theoretic Approach to Default Reasoning},
  journal   = {Artif. Intell.},
  volume    = {93},
  pages     = {63--101},
  year      = {1997},
}

@incollection{ModgilP18,
  author    = {Sanjay Modgil and
               Henry Prakken},
  title     = {Abstract Rule-Based Argumentation},
  booktitle = {Handbook of Formal Argumentation},
  editor    = {Baroni, P. and Gabbay, D. and Giacomin, M.},
  COMpublisher = {College Publications},
  pages     = {287--364},
  year      = {2018}
}

@incollection{Caminada18,
  author    = {Martin Caminada},
  title     = {Argumentation Semantics As Formal Discussion},
  booktitle = {Handbook of Formal Argumentation},
  editor    = {Baroni, P. and Gabbay, D. and Giacomin, M.},
  pages     = {487--518},
  COMpublisher = {College Publications},
  year      = {2018}
}



@article{DungKT06,
  author    = {Phan Minh Dung and
               Robert A. Kowalski and
               Francesca Toni},
  title     = {Dialectic proof procedures for assumption-based, admissible argumentation},
  journal   = {Artif. Intell.},
  volume    = {170},
  number    = {2},
  pages     = {114--159},
  year      = {2006},
}

@article{DungMT07,
  author    = {Phan Minh Dung and
               Paolo Mancarella and
               Francesca Toni},
  title     = {Computing ideal sceptical argumentation},
  journal   = {Artif. Intell.},
  volume    = {171},
  number    = {10-15},
  pages     = {642--674},
  year      = {2007},
}

@article{CravenT16,
  author    = {Robert Craven and
               Francesca Toni},
  title     = {Argument graphs and assumption-based argumentation},
  journal   = {Artif. Intell.},
  volume    = {233},
  pages     = {1--59},
  year      = {2016},
}

@inproceedings{GaertnerT08,
  author    = {Dorian Gaertner and
               Francesca Toni},
  title     = {Hybrid argumentation and its properties},
  booktitle = {{COMMA}},
  series    = {FAIA},
  volume    = {172},
  pages     = {183--195},
  COMpublisher = {{IOS} Press},
  year      = {2008}
}


@inproceedings{CravenTW13,
  author    = {Robert Craven and
               Francesca Toni and
               Matthew Williams},
  title     = {Graph-Based Dispute Derivations in Assumption-Based Argumentation},
  booktitle = {{TAFA}},
  series    = {LNCS},
  volume    = {8306},
  pages     = {46--62},
  COMpublisher = {Springer},
  year      = {2013}
}


@article{BorgB21,
  author    = {AnneMarie Borg and
               Floris Bex},
  title     = {A Basic Framework for Explanations in Argumentation},
  journal   = {{IEEE} Intell. Syst.},
  volume    = {36},
  number    = {2},
  pages     = {25--35},
  year      = {2021},
}


@inproceedings{Rapberger0W22,
  author    = {Anna Rapberger and
               Markus Ulbricht and
               Johannes P. Wallner},
  title     = {Argumentation Frameworks Induced by Assumption-Based Argumentation:
               Relating Size and Complexity},
  booktitle = {{NMR}},
  series    = {{CEUR} Workshop Proceedings},
  volume    = {3197},
  pages     = {92--103},
  COMpublisher = {CEUR-WS.org},
  year      = {2022}
}

@article{StrassWD19,
  author    = {Hannes Strass and
               Adam Wyner and
               Martin Diller},
  title     = {\emph{EMIL}: Extracting Meaning from Inconsistent Language: Towards
               argumentation using a controlled natural language interface},
  journal   = {Int. J. Approx. Reason.},
  volume    = {112},
  pages     = {55--84},
  year      = {2019}
}

@inproceedings{LehtonenWJ17,
  author    = {Tuomo Lehtonen and
               Johannes P. Wallner and
               Matti J{\"{a}}rvisalo},
  title     = {From Structured to Abstract Argumentation: Assumption-Based Acceptance
               via {AF} Reasoning},
  series    = {LNCS},
  volume    = {10369},
  booktitle = {{ECSQARU}},
  pages     = {57--68},
  COMpublisher = {Springer},
  year      = {2017}
}


@incollection{BrewkaESWW,
  author    = {Gerhard Brewka and Stefan Ellmauthaler and Hannes Strass and Johannes P. Wallner and Stefan Woltran},
  title     = {Abstract Dialectical Frameworks: An Overview},
  booktitle = {Handbook of Formal Argumentation},
  editor    = {Baroni, P. and Gabbay, D. and Giacomin, M.},
  COMpublisher = {College Publications},
  pages     = {237--285},
  year      = {2018}
}

@inproceedings{BaoCT17,
  author    = {Ziyi Bao and
               Kristijonas Cyras and
               Francesca Toni},
  title     = {ABAplus: Attack Reversal in Abstract and Structured Argumentation
               with Preferences},
  booktitle = {{PRIMA}},
  series    = {LNCS},
  volume    = {10621},
  pages     = {420--437},
  COMpublisher = {Springer},
  year      = {2017}
}


@article{visser2008,
  title={Implementation of argument-based practical reasoning},
  author={Visser, Wietske and Vreeswijk, Gerard},
  journal={Master's thesis, Utrecht University},
  year={2008},
  COMpublisher={Citeseer}
}

@inproceedings{BryantKV06,
  author    = {Daniel Bryant and
               Paul J. Krause and
               Gerard Vreeswijk},
  title     = {Argue tuProlog: {A} Lightweight Argumentation Engine for Agent Applications},
  booktitle = {{COMMA}},
  series    = {FAIA},
  volume    = {144},
  pages     = {27--32},
  COMpublisher = {{IOS} Press},
  year      = {2006}
}

@article{Dung95,
  author    = {Phan Minh Dung},
  title     = {On the Acceptability of Arguments and its Fundamental Role in Nonmonotonic
               Reasoning, Logic Programming and n-Person Games},
  journal   = {Artif. Intell.},
  volume    = {77},
  number    = {2},
  pages     = {321--358},
  year      = {1995},
}


@article{BrewkaPW14,
  author    = {Gerhard Brewka and
               Sylwia Polberg and
               Stefan Woltran},
  title     = {Generalizations of Dung Frameworks and Their Role in Formal Argumentation},
  journal   = {{IEEE} Intell. Syst.},
  volume    = {29},
  number    = {1},
  pages     = {30--38},
  year      = {2014},
}

@article{Kuhn14,
  author    = {Tobias Kuhn},
  title     = {A Survey and Classification of Controlled Natural Languages},
  journal   = {Comput. Linguistics},
  volume    = {40},
  number    = {1},
  pages     = {121--170},
  year      = {2014},
}







@article{CaminadaA07,
  author    = {Martin Caminada and
               Leila Amgoud},
  title     = {On the evaluation of argumentation formalisms},
  journal   = {Artif. Intell.},
  volume    = {171},
  number    = {5-6},
  pages     = {286--310},
  year      = {2007},
}


@InCollection{Caminada2011a,
  Title                    = {On the Limitations of Abstract Argumentation},
  Author                   = {Caminada, Martin and Wu, Yining},
  Booktitle                = {BNAIC 2011},
  Year                     = {2011},

  Language                 = {English},
  Timestamp                = {2013.07.26}
}

@inproceedings{PrakkenW18,
  author    = {Henry Prakken and
               Michiel De Winter},
  title     = {Abstraction in Argumentation: Necessary but Dangerous},
  booktitle = {{COMMA}},
  series    = {FAIA},
  volume    = {305},
  pages     = {85--96},
  COMpublisher = {{IOS} Press},
  year      = {2018}
}

@book{GabbayGST2021,
	editor = {Dov Gabbay and Massimiliano Giacomin and Guillermo R. Simari and Matthias Thimm},
	month = {August},
	COMpublisher = {College Publications},
	title = {Handbook of Formal Argumentation (Volume 2)},
	url = {http://www.collegepublications.co.uk/handbooks/?00006},
	year = {2021}}


@book{BaroniGG2018,
  title = {Handbook of Formal Argumentation},
  editor    = {Baroni, P. and Gabbay, D. and Giacomin, M.},
  COMpublisher = {College Publications},
  year      = {2018}
}



@incollection{ArieliBHS21,
  author    = {Ofer Arieli and
               AnneMarie Borg and
               Jesse Heyninck and
               Christian Strasser},
  title     = {Logic-Based Approaches to Formal Argumentation},

editor = {Dov Gabbay and Massimiliano Giacomin and Guillermo R. Simari and Matthias Thimm},
	month = {August},
	COMpublisher = {College Publications},
	booktitle = {Handbook of Formal Argumentation (Volume 2)},
	year = {2021},
 pages     = {1793--1898},

}

@incollection{BlackMP21,
  author    = {Elizabeth Black and
               Nicolas Maudet and
               Simon Parsons},
  title     = {Argumentation-based Dialogue},

editor = {Dov Gabbay and Massimiliano Giacomin and Guillermo R. Simari and Matthias Thimm},
	month = {August},
	COMpublisher = {College Publications},
	booktitle = {Handbook of Formal Argumentation (Volume 2)},
	year = {2021},
 pages     = {511--575},

}

@article{AtkinsonBGHPRST17,
  author    = {Katie Atkinson and
               Pietro Baroni and
               Massimiliano Giacomin and
               Anthony Hunter and
               Henry Prakken and
               Chris Reed and
               Guillermo Ricardo Simari and
               Matthias Thimm and
               Serena Villata},
  title     = {Towards Artificial Argumentation},
  journal   = {{AI} Mag.},
  volume    = {38},
  number    = {3},
  pages     = {25--36},
  year      = {2017}
}

@book{SimariR2009,
  editor    = {Guillermo Ricardo Simari and
               Iyad Rahwan},
  title     = {Argumentation in Artificial Intelligence},
  COMpublisher = {Springer},
  year      = {2009}
}

@article{CyrasHT21,
  author    = {Kristijonas Cyras and
               Quentin Heinrich and
               Francesca Toni},
  title     = {Computational complexity of flat and generic Assumption-Based Argumentation,
               with and without probabilities},
  journal   = {Artif. Intell.},
  volume    = {293},
  pages     = {103449},
  year      = {2021}
}



@article{DungT14,
  author    = {Phan Minh Dung and
               Phan Minh Thang},
  title     = {Closure and Consistency In Logic-Associated Argumentation},
  journal   = {J. Artif. Intell. Res.},
  volume    = {49},
  pages     = {79--109},
  year      = {2014}
}

@incollection{Prakken18,
  author = {Henry Prakken},	
        Booktitle = {Handbook of Formal Argumentation},
	Chapter = {2},
	Editor = {Pietro Baroni and Dov Gabbay and Massimiliano Giacomin and Leendert van der Torre},
	Month = {February},
	Publisher = {College Publications},
  title     = {{Historical Overview of Formal Argumentation}},	
Year = {2018},
	}

@article{ModgilP13,
  author    = {Sanjay Modgil and
               Henry Prakken},
  title     = {A general account of argumentation with preferences},
  journal   = {Artif. Intell.},
  volume    = {195},
  pages     = {361--397},
  year      = {2013}
}


@article{Toni14,
  author    = {Francesca Toni},
  title     = {A tutorial on assumption-based argumentation},
  journal   = {Argument Comput.},
  volume    = {5},
  number    = {1},
  pages     = {89--117},
  year      = {2014}
}


@article{ArieliBS18,
  author    = {Ofer Arieli and
               Annemarie Borg and
               Christian Stra{\ss}er},
  title     = {Reasoning with maximal consistency by argumentative approaches},
  journal   = {J. Log. Comput.},
  volume    = {28},
  number    = {7},
  pages     = {1523--1563},
  year      = {2018}
}

@inproceedings{HeyninckA18,
  author    = {Jesse Heyninck and
               Ofer Arieli},
  title     = {On the Semantics of Simple Contrapositive Assumption-Based Argumentation
               Frameworks},
  booktitle = {{COMMA}},
  series    = {FAIA},
  volume    = {305},
  pages     = {9--20},
  COMpublisher = {{IOS} Press},
  year      = {2018}
}


@article{Borg20,
  author    = {Annemarie Borg},
  title     = {Assumptive Sequent-Based Argumentation},
  journal   = {{FLAP}},
  volume    = {7},
  number    = {3},
  pages     = {227--294},
  year      = {2020}
}

@article{HeyninckA20,
  author    = {Jesse Heyninck and
               Ofer Arieli},
  title     = {Simple contrapositive assumption-based argumentation frameworks},
  journal   = {Int. J. Approx. Reason.},
  volume    = {121},
  pages     = {103--124},
  year      = {2020}
}

@article{HeyninckS21,
  author    = {Jesse Heyninck and
               Christian Stra{\ss}er},
  title     = {A Comparative Study of Assumption-based Argumentative Approaches to
               Reasoning with Priorities},
  journal   = {{FLAP}},
  volume    = {8},
  number    = {3},
  pages     = {737--808},
  year      = {2021}
}

@article{Heyninck19,
  author    = {Jesse Heyninck},
  title     = {Relations Between Assumption-based Approaches in Nonmonotonic Logics
               and Formal Argumentation},
  journal   = {{FLAP}},
  volume    = {6},
  number    = {2},
  pages     = {319--360},
  year      = {2019}
}


@article{DimopoulosNT02,
  author    = {Yannis Dimopoulos and
               Bernhard Nebel and
               Francesca Toni},
  title     = {On the computational complexity of assumption-based argumentation
               for default reasoning},
  journal   = {Artif. Intell.},
  volume    = {141},
  number    = {1/2},
  pages     = {57--78},
  year      = {2002}
}

@incollection{dvodun18,
  author    = {Wolfgang D\v{v}or\'ak and Paul E. Dunne},
	Booktitle = {Handbook of Formal Argumentation},
	Chapter = {13},
	Editor = {Pietro Baroni and Dov Gabbay and Massimiliano Giacomin and Leendert van der Torre},
	Month = {February},
	Publisher = {College Publications},
	Title = {{Computational Problems in Formal Argumentation and their Complexity}},
	Year = {2018},
        Pages = {631--687}
	}


@inproceedings{LehtonenWJ22,
  author    = {Tuomo Lehtonen and
               Johannes P. Wallner and
               Matti J{\"{a}}rvisalo},
  title     = {Algorithms for Reasoning in a Default Logic Instantiation of Assumption-Based
               Argumentation},
  booktitle = {{COMMA}},
  series    = {FAIA},
  volume    = {353},
  pages     = {236--247},
  COMpublisher = {{IOS} Press},
  year      = {2022}
}


@inproceedings{CaminadaU20,
  author    = {Martin Caminada and
               S{\"{o}}ren Uebis},
  title     = {An Implementation of Argument-Based Discussion Using {ASPIC-}},
  booktitle = {{COMMA}},
  series    = {FAIA},
  volume    = {326},
  pages     = {455--456},
  COMpublisher = {{IOS} Press},
  year      = {2020}
}

@inproceedings{SnaithR12,
  author    = {Mark Snaith and
               Chris Reed},
  title     = {{TOAST:} Online {ASPIC\({}^{\mbox{+}}\)} implementation},
  booktitle = {{COMMA}},
  series    = {FAIA},
  volume    = {245},
  pages     = {509--510},
  COMpublisher = {{IOS} Press},
  year      = {2012}
}

@inproceedings{DillerGG21,
  author    = {Martin Diller and
               Sarah A. Gaggl and
               Piotr Gorczyca},
  title     = {Flexible Dispute Derivations with Forward and Backward Arguments for
               Assumption-Based Argumentation},
  booktitle = {{CLAR}},
  series    = {LNCS},
  volume    = {13040},
  pages     = {147--168},
  COMpublisher = {Springer},
  year      = {2021}
}

@inproceedings{PisanoCOS20,
  author    = {Giuseppe Pisano and
               Roberta Calegari and
               Andrea Omicini and
               Giovanni Sartor},
  title     = {Arg-tuProlog: a tuProlog-based Argumentation Framework},
  booktitle = {{CILC}},
  series    = {{CEUR} Workshop Proceedings},
  volume    = {2710},
  pages     = {51--66},
  COMpublisher = {CEUR-WS.org},
  year      = {2020}
}


@article{CalegariOPS22,
  author    = {Roberta Calegari and
               Andrea Omicini and
               Giuseppe Pisano and
               Giovanni Sartor},
  title     = {Arg2P: an argumentation framework for explainable intelligent systems},
  journal   = {J. Log. Comput.},
  volume    = {32},
  number    = {2},
  pages     = {369--401},
  year      = {2022}
}

@inproceedings{Cyras0T17,
  author    = {Kristijonas Cyras and
               Claudia Schulz and
               Francesca Toni},
  title     = {Capturing Bipolar Argumentation in Non-flat Assumption-Based Argumentation},
  booktitle = {{PRIMA}},
  series    = {LNCS},
  volume    = {10621},
  pages     = {386--402},
  COMpublisher = {Springer},
  year      = {2017}
}

@inproceedings{KaramlouCT19,
  author    = {Amin Karamlou and
               Kristijonas Cyras and
               Francesca Toni},
  title     = {Complexity Results and Algorithms for Bipolar Argumentation},
  booktitle = {{AAMAS}},
  pages     = {1713--1721},
  COMpublisher = {IFAAMAS},
  year      = {2019}
}


@article{Moore85,
  author    = {Robert C. Moore},
  title     = {Semantical Considerations on Nonmonotonic Logic},
  journal   = {Artif. Intell.},
  volume    = {25},
  number    = {1},
  pages     = {75--94},
  year      = {1985}
}

@article{McCarthy86,
  author    = {John McCarthy},
  title     = {Applications of Circumscription to Formalizing Common-Sense Knowledge},
  journal   = {Artif. Intell.},
  volume    = {28},
  number    = {1},
  pages     = {89--116},
  year      = {1986}
}



@inproceedings{DungST16,
  author    = {Phan Minh Dung and
               Tran Cao Son and
               Phan Minh Thang},
  title     = {Argumentation-Based Semantics for Logic Programs with First-Order
               Formulae},
  booktitle = {{PRIMA}},
  series    = {LNCS},
  volume    = {9862},
  pages     = {43--60},
  COMpublisher = {Springer},
  year      = {2016}
}

@article{GebserS16,
  author    = {Martin Gebser and
               Torsten Schaub},
  title     = {Modeling and Language Extensions},
  journal   = {{AI} Mag.},
  volume    = {37},
  number    = {3},
  pages     = {33--44},
  year      = {2016}
}

@inproceedings{faber20,
  author    = {Wolfgang Faber},
  title     = {An Introduction to Answer Set Programming and Some of Its Extensions},
  booktitle = {Reasoning Web},
  series    = {LNCS},
  volume    = {12258},
  pages     = {149--185},
  COMpublisher = {Springer},
  year      = {2020}
}

@article{KaufmannLPS16,
  author    = {Benjamin Kaufmann and
               Nicola Leone and
               Simona Perri and
               Torsten Schaub},
  title     = {Grounding and Solving in Answer Set Programming},
  journal   = {{AI} Mag.},
  volume    = {37},
  number    = {3},
  pages     = {25--32},
  year      = {2016}
}

@inproceedings{CaminadaMO14,
  author    = {Martin Caminada and
               Sanjay Modgil and
               Nir Oren},
  editor    = {Simon Parsons and
               Nir Oren and
               Chris Reed and
               Federico Cerutti},
  title     = {Preferences and Unrestricted Rebut},
  booktitle = {Computational Models of Argument - Proceedings of {COMMA} 2014, Atholl
               Palace Hotel, Scottish Highlands, UK, September 9-12, 2014},
  series    = {FAIA},
  volume    = {266},
  pages     = {209--220},
  COMpublisher = {{IOS} Press},
  year      = {2014},
}

@inproceedings{Prakken16,
  author    = {Henry Prakken},
  editor    = {Pietro Baroni and
               Thomas F. Gordon and
               Tatjana Scheffler and
               Manfred Stede},
  title     = {Rethinking the Rationality Postulates for Argumentation-Based Inference},
  booktitle = {Computational Models of Argument - Proceedings of {COMMA} 2016, Potsdam,
               Germany, 12-16 September, 2016},
  series    = {FAIA},
  volume    = {287},
  pages     = {419--430},
  COMpublisher = {{IOS} Press},
  year      = {2016},
}

@article{CaminadaDV16,
  author    = {Martin W. A. Caminada and
               Wolfgang Dvor{\'{a}}k and
               Srdjan Vesic},
  title     = {Preferred semantics as socratic discussion},
  journal   = {J. Log. Comput.},
  volume    = {26},
  number    = {4},
  pages     = {1257--1292},
  year      = {2016}
}

@article{CaminadaW09,
  author    = {Martin Caminada and
               Yining Wu},
  title     = {An argument game for stable semantics},
  journal   = {Log. J. {IGPL}},
  volume    = {17},
  number    = {1},
  pages     = {77--90},
  year      = {2009}
}

@article{Toni13,
  author    = {Francesca Toni},
  title     = {A generalised framework for dispute derivations in assumption-based
               argumentation},
  journal   = {Artif. Intell.},
  volume    = {195},
  pages     = {1--43},
  year      = {2013}
}

@inproceedings{CravenTCHW12,
  author    = {Robert Craven and
               Francesca Toni and
               Cristian Cadar and
               Adrian Hadad and
               Matthew Williams},
  title     = {Efficient Argumentation for Medical Decision-Making},
  booktitle = {{KR}},
  COMpublisher = {{AAAI} Press},
  year      = {2012}
}

@inproceedings{ThimmR20,
  author    = {Matthias Thimm and
               Tjitze Rienstra},
  title     = {Approximate Reasoning with {ASPIC+} by Argument Sampling},
  booktitle = {SAFA@COMMA},
  series    = {{CEUR} Workshop Proceedings},
  volume    = {2672},
  pages     = {22--33},
  COMpublisher = {CEUR-WS.org},
  year      = {2020}
}

@article{GebserKKS19,
  author    = {Martin Gebser and
               Roland Kaminski and
               Benjamin Kaufmann and
               Torsten Schaub},
  title     = {Multi-shot {ASP} solving with clingo},
  journal   = {Theory Pract. Log. Program.},
  volume    = {19},
  number    = {1},
  pages     = {27--82},
  year      = {2019}
}

@article{BrewkaDHLW20,
  author    = {Gerhard Brewka and
               Martin Diller and
               Georg Heissenberger and
               Thomas Linsbichler and
               Stefan Woltran},
  title     = {Solving Advanced Argumentation Problems with Answer Set Programming},
  journal   = {Theory Pract. Log. Program.},
  volume    = {20},
  number    = {3},
  pages     = {391--431},
  year      = {2020}
}


@inproceedings{EllmauthalerGRW22,
  author    = {Stefan Ellmauthaler and
               Sarah A. Gaggl and
               Dominik Rusovac and
               Johannes P. Wallner},
  title     = {{ADF-BDD:} An {ADF} Solver Based on Binary Decision Diagrams},
  booktitle = {{COMMA}},
  series    = {FAIA},
  volume    = {353},
  pages     = {355--356},
  COMpublisher = {{IOS} Press},
  year      = {2022}
}


@article{Sakama18,
  author    = {Chiaki Sakama},
  title     = {Abduction in argumentation frameworks},
  journal   = {J. Appl. Non Class. Logics},
  volume    = {28},
  number    = {2-3},
  pages     = {218--239},
  year      = {2018}
}

@inproceedings{DvorakGRWW20,
  author    = {Wolfgang Dvor{\'{a}}k and
               Sarah A. Gaggl and
               Anna Rapberger and
               Johannes P. Wallner and
               Stefan Woltran},
  title     = {The {ASPARTIX} System Suite},
  booktitle = {{COMMA}},
  series    = {FAIA},
  volume    = {326},
  pages     = {461--462},
  COMpublisher = {{IOS} Press},
  year      = {2020}
}

@inproceedings{FanT15,
  author    = {Xiuyi Fan and
               Francesca Toni},
  title     = {On Computing Explanations in Argumentation},
  booktitle = {{AAAI}},
  pages     = {1496--1502},
  COMpublisher = {{AAAI} Press},
  year      = {2015}
}

@article{DillerWW15,
  author    = {Martin Diller and
               Johannes P. Wallner and
               Stefan Woltran},
  title     = {Reasoning in abstract dialectical frameworks using quantified Boolean
               formulas},
  journal   = {Argument Comput.},
  volume    = {6},
  number    = {2},
  pages     = {149--177},
  year      = {2015}
}

@inproceedings{FanT15b,
  author    = {Xiuyi Fan and
               Francesca Toni},
  title     = {On Explanations for Non-Acceptable Arguments},
  booktitle = {{TAFA}},
  series    = {LNCS},
  volume    = {9524},
  pages     = {112--127},
  COMpublisher = {Springer},
  year      = {2015}
}

@inproceedings{LinsbichlerMNWW18,
  author    = {Thomas Linsbichler and
               Marco Maratea and
               Andreas Niskanen and
               Johannes P. Wallner and
               Stefan Woltran},
  title     = {Novel Algorithms for Abstract Dialectical Frameworks based on Complexity
               Analysis of Subclasses and {SAT} Solving},
  booktitle = {{IJCAI}},
  pages     = {1905--1911},
  COMpublisher = {ijcai.org},
  year      = {2018}
}


@article{GagglMRWW15,
  author    = {Sarah A. Gaggl and
               Norbert Manthey and
               Alessandro Ronca and
               Johannes P. Wallner and
               Stefan Woltran},
  title     = {Improved answer-set programming encodings for abstract argumentation},
  journal   = {Theory Pract. Log. Program.},
  volume    = {15},
  number    = {4-5},
  pages     = {434--448},
  year      = {2015}
}

@article{GarciaCRS13,
  author    = {Alejandro Javier Garc{\'{\i}}a and
               Carlos Iv{\'{a}}n Ches{\~{n}}evar and
               Nicol{\'{a}}s D. Rotstein and
               Guillermo Ricardo Simari},
  title     = {Formalizing dialectical explanation support for argument-based reasoning
               in knowledge-based systems},
  journal   = {Expert Syst. Appl.},
  volume    = {40},
  number    = {8},
  pages     = {3233--3247},
  year      = {2013}
}


@inproceedings{SaribaturWW20,
  author    = {Zeynep G. Saribatur and
               Johannes P. Wallner and
               Stefan Woltran},
  title     = {Explaining Non-Acceptability in Abstract Argumentation},
  booktitle = {{ECAI}},
  series    = {FAIA},
  volume    = {325},
  pages     = {881--888},
  COMpublisher = {{IOS} Press},
  year      = {2020}
}

@inproceedings{LiaoT20,
  author    = {Beishui Liao and
               Leendert van der Torre},
  title     = {Explanation Semantics for Abstract Argumentation},
  booktitle = {{COMMA}},
  series    = {FAIA},
  volume    = {326},
  pages     = {271--282},
  COMpublisher = {{IOS} Press},
  year      = {2020}
}

@inproceedings{BorgB21b,
  author    = {AnneMarie Borg and
               Floris Bex},
  title     = {Necessary and Sufficient Explanations for Argumentation-Based Conclusions},
  booktitle = {{ECSQARU}},
  series    = {LNCS},
  volume    = {12897},
  pages     = {45--58},
  COMpublisher = {Springer},
  year      = {2021}
}


@article{Miller19,
  author    = {Tim Miller},
  title     = {Explanation in artificial intelligence: Insights from the social sciences},
  journal   = {Artif. Intell.},
  volume    = {267},
  pages     = {1--38},
  year      = {2019}
}

@article{MillerHAH22,
  author    = {Tim Miller and
               Robert R. Hoffman and
               Ofra Amir and
               Andreas Holzinger},
  title     = {Special issue on Explainable Artificial Intelligence {(XAI)}},
  journal   = {Artif. Intell.},
  volume    = {307},
  pages     = {103705},
  year      = {2022}
}


@inproceedings{Cyras0ABT21,
  author    = {Kristijonas Cyras and
               Antonio Rago and
               Emanuele Albini and
               Pietro Baroni and
               Francesca Toni},
  title     = {Argumentative {XAI:} {A} Survey},
  booktitle = {{IJCAI}},
  pages     = {4392--4399},
  COMpublisher = {ijcai.org},
  year      = {2021}
}

@inproceedings{LehtonenWJ20,
  author    = {Tuomo Lehtonen and
               Johannes P. Wallner and
               Matti J{\"{a}}rvisalo},
  title     = {An Answer Set Programming Approach to Argumentative Reasoning in the
               {ASPIC+} Framework},
  booktitle = {{KR}},
  pages     = {636--646},
  year      = {2020}
}

@inproceedings{DDPWW2018,
  author    = {Martin Diller and Wolfgang Dvo{\v{r}}{\'{a}}k and J{\"{o}}rg
               P{\"{u}}hrer and Johannes P. Wallner and Stefan Woltran},
  title     = {Applications of {ASP} in Formal Argumentation},
  booktitle = {Proceedings of the Second Workshop on Theory and Applications of
               Answer Set Programming},
  year      = {2018}
}







@inproceedings{LehtonenWJ19,
  author    = {Tuomo Lehtonen and
               Johannes P. Wallner and
               Matti J{\"{a}}rvisalo},
  title     = {Reasoning over Assumption-Based Argumentation Frameworks via Direct
               Answer Set Programming Encodings},
  booktitle = {{AAAI}},
  pages     = {2938--2945},
  COMpublisher = {{AAAI} Press},
  year      = {2019}
}


@article{vassbp2021, 
title={Argumentation and explainable artificial intelligence: a survey}, 
volume={36}, 
DOI={10.1017/S0269888921000011}, 
journal={The Knowledge Engineering Review}, 
COMpublisher={Cambridge University Press}, 
author={Vassiliades, Alexandros and Bassiliades, Nick and Patkos, Theodore}, 
year={2021}, 
pages={e5}}


@inproceedings{AlfanoCGPT20,
  author    = {Gianvincenzo Alfano and
               Marco Calautti and
               Sergio Greco and
               Francesco Parisi and
               Irina Trubitsyna},
  title     = {Explainable Acceptance in Probabilistic Abstract Argumentation: Complexity
               and Approximation},
  booktitle = {{KR}},
  pages     = {33--43},
  year      = {2020}
}

@inproceedings{Baumann021,
  author    = {Ringo Baumann and
               Markus Ulbricht},
  title     = {Choices and their Consequences - Explaining Acceptable Sets in Abstract
               Argumentation Frameworks},
  booktitle = {{KR}},
  pages     = {110--119},
  year      = {2021}
}


@inproceedings{SaribaturW21,
  author    = {Zeynep G. Saribatur and
               Johannes P. Wallner},
  title     = {Existential Abstraction on Argumentation Frameworks via Clustering},
  booktitle = {{KR}},
  pages     = {549--559},
  year      = {2021}
}

@inproceedings{ulbrichtw21,
  author    = {Markus Ulbricht and
               Johannes P. Wallner},
  title     = {Strong Explanations in Abstract Argumentation},
  booktitle = {{AAAI}},
  pages     = {6496--6504},
  COMpublisher = {{AAAI} Press},
  year      = {2021}
}

@inproceedings{ulbrichtW22,
  author    = {Markus Ulbricht and
               Johannes P. Wallner},
  title     = {Strongly Accepting Subframeworks: Connecting Abstract and Structured
               Argumentation},
  booktitle = {{COMMA}},
  series    = {FAIA},
  volume    = {353},
  pages     = {320--331},
  COMpublisher = {{IOS} Press},
  year      = {2022}
}

@article{thimm22,
  author    = {Matthias Thimm},
  title     = {Revisiting initial sets in abstract argumentation},
  journal   = {CoRR},
  volume    = {abs/2204.09985},
  year      = {2022}
}

@techreport{besnardddlc22,
  TITLE = {{Question-Based Explainability in Abstract Argumentation}},
  AUTHOR = {Besnard, Philippe and Doutre, Sylvie and Duchatelle, Th{\'e}o and Lagasquie-Schiex, Marie-Christine},
  URL = {https://hal-univ-tlse3.archives-ouvertes.fr/hal-03647896},
  TYPE = {Research Report},
  NUMBER = {IRIT/RR--2022--01--FR},
  PAGES = {1-64},
  INSTITUTION = {{IRIT : Institut de Recherche en Informatique de Toulouse, France}},
  YEAR = {2022},
  MONTH = Apr,
  PDF = {https://hal-univ-tlse3.archives-ouvertes.fr/hal-03647896/file/Rapport_IRIT_RR_2022_01_FR.pdf},
  HAL_ID = {hal-03647896},
  HAL_VERSION = {v1},
}

@article{HunterW12,
  author    = {Anthony Hunter and
               Matthew Williams},
  title     = {Aggregating evidence about the positive and negative effects of treatments},
  journal   = {Artif. Intell. Medicine},
  volume    = {56},
  number    = {3},
  pages     = {173--190},
  year      = {2012},
  url       = {https://doi.org/10.1016/j.artmed.2012.09.004},
  doi       = {10.1016/j.artmed.2012.09.004},
  timestamp = {Tue, 29 Dec 2020 18:20:02 +0100},
  biburl    = {https://dblp.org/rec/journals/artmed/HunterW12.bib},
  bibsource = {dblp computer science bibliography, https://dblp.org}
}

@article{FanT14,
  author    = {Xiuyi Fan and
               Francesca Toni},
  title     = {A general framework for sound assumption-based argumentation dialogues},
  journal   = {Artif. Intell.},
  volume    = {216},
  pages     = {20--54},
  year      = {2014},
  url       = {https://doi.org/10.1016/j.artint.2014.06.001},
  doi       = {10.1016/j.artint.2014.06.001},
  timestamp = {Sun, 02 Jun 2019 21:09:04 +0200},
  biburl    = {https://dblp.org/rec/journals/ai/FanT14.bib},
  bibsource = {dblp computer science bibliography, https://dblp.org}
}


@article{Prakken01,
  author    = {Henry Prakken},
  title     = {Relating Protocols For Dynamic Dispute With Logics For Defeasible
               Argumentation},
  journal   = {Synth.},
  volume    = {127},
  number    = {1-2},
  pages     = {187--219},
  year      = {2001},
  url       = {https://doi.org/10.1023/A:1010322504453},
  doi       = {10.1023/A:1010322504453},
  timestamp = {Thu, 09 Jul 2020 22:47:55 +0200},
  biburl    = {https://dblp.org/rec/journals/synthese/Prakken01.bib},
  bibsource = {dblp computer science bibliography, https://dblp.org}
}


@inproceedings{DiGaGo22,
  author    = {Martin Diller and Sarah A. Gaggl and Piotr Gorczyca},
  title     = {Strategies in Flexible Dispute Derivations for Assumption-based Argumentation},
  booktitle = {SAFA@COMMA},
  series    = {{CEUR} Workshop Proceedings},
  volume    = {3236},
  pages     = {59-72},
  COMpublisher = {CEUR-WS.org},
  year      = {2022}
}

@article{GovernatoriMO21,
  author    = {Guido Governatori and
               Michael J. Maher and
               Francesco Olivieri},
  title     = {Strategic Argumentation},
  journal   = {{FLAP}},
  volume    = {8},
  number    = {6},
  pages     = {1679--1748},
  year      = {2021},
  url       = {https://collegepublications.co.uk/ifcolog/?00048},
  timestamp = {Fri, 27 Aug 2021 17:02:27 +0200},
  biburl    = {https://dblp.org/rec/journals/flap/GovernatoriMO21.bib},
  bibsource = {dblp computer science bibliography, https://dblp.org}
}


@article{AdadiB18,
  author    = {Amina Adadi and
               Mohammed Berrada},
  title     = {Peeking Inside the Black-Box: {A} Survey on Explainable Artificial
               Intelligence {(XAI)}},
  journal   = {{IEEE} Access},
  volume    = {6},
  pages     = {52138--52160},
  year      = {2018}
}

@article{SaraswatBVPTSBS22,
  author    = {Deepti Saraswat and
               Pronaya Bhattacharya and
               Ashwin Verma and
               Vivek Kumar Prasad and
               Sudeep Tanwar and
               Gulshan Sharma and
               Pitshou N. Bokoro and
               Ravi Sharma},
  title     = {Explainable {AI} for Healthcare 5.0: Opportunities and Challenges},
  journal   = {{IEEE} Access},
  volume    = {10},
  pages     = {84486--84517},
  year      = {2022}
}


@article{HanL22,
  author    = {Henry Han and
               Xiangrong Liu},
  title     = {The challenges of explainable {AI} in biomedical data science},
  journal   = {{BMC} Bioinform.},
  volume    = {22-S},
  number    = {12},
  pages     = {443},
  year      = {2022}
}

@article{StoreyL0P22,
  author    = {Veda C. Storey and
               Roman Lukyanenko and
               Wolfgang Maass and
               Jeffrey Parsons},
  title     = {Explainable {AI}},
  journal   = {Commun. {ACM}},
  volume    = {65},
  number    = {4},
  pages     = {27--29},
  year      = {2022}
}




@article{BruijnWJ22,
  author    = {Hans de Bruijn and
               Martijn Warnier and
               Marijn Janssen},
  title     = {The perils and pitfalls of explainable {AI:} Strategies for explaining
               algorithmic decision-making},
  journal   = {Gov. Inf. Q.},
  volume    = {39},
  number    = {2},
  pages     = {101666},
  year      = {2022}
}

@article{LiCSBGQWGZXC22,
  author    = {Xiao{-}Hui Li and
               Caleb Chen Cao and
               Yuhan Shi and
               Wei Bai and
               Han Gao and
               Luyu Qiu and
               Cong Wang and
               Yuanyuan Gao and
               Shenjia Zhang and
               Xun Xue and
               Lei Chen},
  title     = {A Survey of Data-Driven and Knowledge-Aware eXplainable {AI}},
  journal   = {{IEEE} Trans. Knowl. Data Eng.},
  volume    = {34},
  number    = {1},
  pages     = {29--49},
  year      = {2022}
}



@article{GarciaPS20,
  author    = {Alejandro Javier Garc{\'{\i}}a and
               Henry Prakken and
               Guillermo Ricardo Simari},
  title     = {A Comparative Study of Some Central Notions of {ASPIC+} and DeLP},
  journal   = {Theory Pract. Log. Program.},
  volume    = {20},
  number    = {3},
  pages     = {358--390},
  year      = {2020}
}

@article{BeirlaenHPS18,
  author    = {Mathieu Beirlaen and
               Jesse Heyninck and
               Pere Pardo and
               Christian Stra{\ss}er},
  title     = {Argument Strength in Formal Argumentation},
  journal   = {{FLAP}},
  volume    = {5},
  number    = {3},
  pages     = {629--676},
  year      = {2018}
}

@inproceedings{CyrasT16,
  author    = {Kristijonas Cyras and
               Francesca Toni},
  title     = {{ABA+:} Assumption-Based Argumentation with Preferences},
  booktitle = {{KR}},
  pages     = {553--556},
  COMpublisher = {{AAAI} Press},
  year      = {2016}
}


@article{Wakaki17,
  author    = {Toshiko Wakaki},
  title     = {Assumption-Based Argumentation Equipped with Preferences and its Application
               to Decision Making, Practical Reasoning, and Epistemic Reasoning},
  journal   = {Comput. Intell.},
  volume    = {33},
  number    = {4},
  pages     = {706--736},
  year      = {2017}
}

@incollection{BauDMW21,
  author    = {Ringo Baumann and Sylvie Doutre and Jean-Guy Mailly and Johannes P. Wallner},
  title     = {Enforcement in Argumentation},

editor = {Dov Gabbay and Massimiliano Giacomin and Guillermo R. Simari and Matthias Thimm},
	month = {August},
	COMpublisher = {College Publications},
	booktitle = {Handbook of Formal Argumentation (Volume 2)},
	year = {2021},
 pages     = {1623--1677},

}


@incollection{AlfGPSS21,
  author    = {Gianvincenzo Alfano and Sergio Greco and Francesco Parisi and Gerardo I. Simari and
Guillermo R. Simari},
  title     = {On the Incremental Computation of Semantics in Dynamic Argumentation},

editor = {Dov Gabbay and Massimiliano Giacomin and Guillermo R. Simari and Matthias Thimm},
	month = {August},
	COMpublisher = {College Publications},
	booktitle = {Handbook of Formal Argumentation (Volume 2)},
	year = {2021},
 pages     = {1749--1792},

}

@article{LehtonenWJ21a,
  author    = {Tuomo Lehtonen and
               Johannes P. Wallner and
               Matti J{\"{a}}rvisalo},
  title     = {Harnessing Incremental Answer Set Solving for Reasoning in Assumption-Based
               Argumentation},
  journal   = {Theory Pract. Log. Program.},
  volume    = {21},
  number    = {6},
  pages     = {717--734},
  year      = {2021}
}

@incollection{BaroniCG18,
  author    = {Pietro Baroni and Martin Caminada and Massimiliano Giacomin},
  title     = {Abstract Argumentation Frameworks and Their Semantics},
  booktitle = {Handbook of Formal Argumentation},
  editor    = {Baroni, P. and Gabbay, D. and Giacomin, M.},
  COMpublisher = {College Publications},
  pages     = {159--236},
  year      = {2018}
}

@article{CaminadaS17,
  author    = {Martin Caminada and
               Claudia Schulz},
  title     = {On the Equivalence between Assumption-Based Argumentation and Logic
               Programming},
  journal   = {J. Artif. Intell. Res.},
  volume    = {60},
  pages     = {779--825},
  year      = {2017}
}



@article{PaluDPR09,
  author    = {Alessandro Dal Pal{\`{u}} and
               Agostino Dovier and
               Enrico Pontelli and
               Gianfranco Rossi},
  title     = {{GASP:} Answer Set Programming with Lazy Grounding},
  journal   = {Fundam. Informaticae},
  volume    = {96},
  number    = {3},
  pages     = {297--322},
  year      = {2009}
}

@article{SchaubW18a,
  author    = {Torsten Schaub and
               Stefan Woltran},
  title     = {Answer set programming unleashed!},
  journal   = {K{\"{u}}nstliche Intell.},
  volume    = {32},
  number    = {2-3},
  pages     = {105--108},
  year      = {2018}
}


@article{BrewkaEL16,
  author    = {Gerhard Brewka and
               Thomas Eiter and
               Miroslaw Truszczynski},
  title     = {Answer Set Programming: An Introduction to the Special Issue},
  journal   = {{AI} Mag.},
  volume    = {37},
  number    = {3},
  pages     = {5--6},
  year      = {2016}
}



@article{LefevreBSG17,
  author    = {Claire Lef{\`{e}}vre and
               Christopher B{\'{e}}atrix and
               Igor St{\'{e}}phan and
               Laurent Garcia},
  title     = {ASPeRiX, a first-order forward chaining approach for answer set computing},
  journal   = {Theory Pract. Log. Program.},
  volume    = {17},
  number    = {3},
  pages     = {266--310},
  year      = {2017}
}



@inproceedings{Dao-TranEFWW12,
  author    = {Minh Dao{-}Tran and
               Thomas Eiter and
               Michael Fink and
               Gerald Weidinger and
               Antonius Weinzierl},
  title     = {OMiGA : An Open Minded Grounding On-The-Fly Answer Set Solver},
  booktitle = {{JELIA}},
  series    = {LNCS},
  volume    = {7519},
  pages     = {480--483},
  COMpublisher = {Springer},
  year      = {2012}
}


@inproceedings{Weinzierl17,
  author    = {Antonius Weinzierl},
  title     = {Blending Lazy-Grounding and {CDNL} Search for Answer-Set Solving},
  booktitle = {{LPNMR}},
  series    = {LNCS},
  volume    = {10377},
  pages     = {191--204},
  COMpublisher = {Springer},
  year      = {2017}
}

@inproceedings{BomansonJW19,
  author    = {Jori Bomanson and
               Tomi Janhunen and
               Antonius Weinzierl},
  title     = {Enhancing Lazy Grounding with Lazy Normalization in Answer-Set Programming},
  booktitle = {{AAAI}},
  pages     = {2694--2702},
  COMpublisher = {{AAAI} Press},
  year      = {2019}
}



@article{WeinzierlTF20,
  author    = {Antonius Weinzierl and
               Richard Taupe and
               Gerhard Friedrich},
  title     = {Advancing Lazy-Grounding {ASP} Solving Techniques - Restarts, Phase
               Saving, Heuristics, and More},
  journal   = {Theory Pract. Log. Program.},
  volume    = {20},
  number    = {5},
  pages     = {609--624},
  year      = {2020}
}



@inproceedings{GebserLMPRS18,
  author    = {Martin Gebser and
               Nicola Leone and
               Marco Maratea and
               Simona Perri and
               Francesco Ricca and
               Torsten Schaub},
  title     = {Evaluation Techniques and Systems for Answer Set Programming: a Survey},
  booktitle = {{IJCAI}},
  pages     = {5450--5456},
  COMpublisher = {ijcai.org},
  year      = {2018}
}


@article{CalimeriFPZ17,
  author    = {Francesco Calimeri and
               Davide Fusc{\`{a}} and
               Simona Perri and
               Jessica Zangari},
  title     = {{I-DLV:} The new intelligent grounder of {DLV}},
  journal   = {Intelligenza Artificiale},
  volume    = {11},
  number    = {1},
  pages     = {5--20},
  year      = {2017}
}


@inproceedings{GebserKKS11,
  author    = {Martin Gebser and
               Roland Kaminski and
               Arne K{\"{o}}nig and
               Torsten Schaub},
  title     = {Advances in \emph{gringo} Series 3},
  booktitle = {{LPNMR}},
  series    = {LNCS},
  volume    = {6645},
  pages     = {345--351},
  COMpublisher = {Springer},
  year      = {2011}
}


@inproceedings{LiP15,
  author    = {Zimi Li and
               Simon Parsons},
  title     = {On Argumentation with Purely Defeasible Rules},
  booktitle = {{SUM}},
  series    = {LNCS},
  volume    = {9310},
  pages     = {330--343},
  COMpublisher = {Springer},
  year      = {2015}
}


@inproceedings{Prakken22,
  author    = {Henry Prakken},
  title     = {Formalising an Aspect of Argument Strength: Degrees of Attackability},
  booktitle = {{COMMA}},
  series    = {FAIA},
  volume    = {353},
  pages     = {296--307},
  COMpublisher = {{IOS} Press},
  year      = {2022}
}

@article{AmgoudDV22,
  author    = {Leila Amgoud and
               Dragan Doder and
               Srdjan Vesic},
  title     = {Evaluation of argument strength in attack graphs: Foundations and
               semantics},
  journal   = {Artif. Intell.},
  volume    = {302},
  pages     = {103607},
  year      = {2022}
}


@article{LehtonenWJ21,
  author    = {Tuomo Lehtonen and
               Johannes P. Wallner and
               Matti J{\"{a}}rvisalo},
  title     = {Declarative Algorithms and Complexity Results for Assumption-Based
               Argumentation},
  journal   = {J. Artif. Intell. Res.},
  volume    = {71},
  pages     = {265--318},
  year      = {2021}
}

@incollection{CeruttiGTW18,
  author    = {Federico Cerutti and
               Sarah A. Gaggl and
               Matthias Thimm and
               Johannes P. Wallner},
  title     = {Foundations of Implementations for Formal Argumentation},
  booktitle = {Handbook of Formal Argumentation},
  editor    = {Baroni, P. and Gabbay, D. and Giacomin, M.},
  COMpublisher = {College Publications},
  pages     = {689--768},
  year      = {2018}
}

@article{SchulzT16,
  author    = {Claudia Schulz and
               Francesca Toni},
  title     = {Justifying answer sets using argumentation},
  journal   = {Theory Pract. Log. Program.},
  volume    = {16},
  number    = {1},
  pages     = {59--110},
  year      = {2016}
}

@mastersthesis{gor22,
  author  = {Piotr Gorczyca},
  title   = {Automatic and Interactive Search in Flexible Dispute Derivations for Assumption-Based Argumentation: Analysis, Implementation, Evaluation.},
  school  = {TU Dresden},
  year    = {2022},
  month = {07},
address = {Dresden},
  url = {https://iccl.inf.tu-dresden.de/w/images/e/e6/Gorczyca_MScThesis_Signed.pdf},
  
}

@inproceedings{thimmK17,
  title={Towards argumentation-based classification},
  author={Thimm, Matthias and Kersting, Kristian},
  booktitle={Logical Foundations of Uncertainty and Machine Learning, Workshop at IJCAI},
  volume={17},
  year={2017}
}


@article{williamsWHM2015,
  title={An updated systematic review of lung chemo-radiotherapy using a new evidence aggregation method},
  author={Williams, Matt and Liu, Zi Wei and Hunter, Anthony and Macbeth, Fergus},
  journal={Lung Cancer},
  volume={87},
  number={3},
  pages={290--295},
  year={2015},
  COMpublisher={Elsevier}
}


@misc{gebserKKOS15,
  title={A User’s Guide to gringo, clasp, clingo, and iclingo, 2008},
  author={Gebser, Martin and Kaminski, Roland and Kaufmann, Benjamin and Ostrowski, Max and Schaub, Torsten and Thiele, Sven},
  year={2015}
}




@inproceedings{HunterW10,
  author    = {Anthony Hunter and
               Matthew Williams},
  title     = {Using clinical preferences in argumentation about evidence from clinical
               trials},
  booktitle = {{IHI}},
  pages     = {118--127},
  COMpublisher = {{ACM}},
  year      = {2010}
}


@article{FandinnoS18,
  author    = {Jorge Fandinno and
               Claudia Schulz},
  title     = {Answering the "why" in Answer Set Programming - {A} Survey of Explanation
               Approaches},
  journal   = {CoRR},
  volume    = {abs/1809.08034},
  year      = {2018}
}


@inproceedings{DBLP:conf/ihi/HunterW10,
  author    = {Anthony Hunter and
               Matthew Williams},
  title     = {Using clinical preferences in argumentation about evidence from clinical
               trials},
  booktitle = {{IHI}},
  pages     = {118--127},
  COMpublisher = {{ACM}},
  year      = {2010}
}

@inproceedings{DillerH17,
  author    = {Martin Diller and
               Anthony Hunter},
  title     = {Encoding monotonic multiset preferences using CI-nets},
  booktitle = {{BTW} (Workshops)},
  series    = {{LNI}},
  volume    = {{P-266}},
  pages     = {169--180},
  COMpublisher = {{GI}},
  year      = {2017}
}


@inproceedings{RienstraHKST22,
  author    = {Tjitze Rienstra and Jesse Heyninck and Gabriele Kern-Isberner and Kenneth Skiba and Matthias Thimma},
  title     = {Explaining Argument Acceptance in ADFs},
  booktitle = {ARGXAI@COMMA},
  series    = {{CEUR} Workshop Proceedings},
  volume    = {3209},
  pages     = {},
  COMpublisher = {CEUR-WS.org},
  year      = {2022}
}


@inproceedings{CyrasKW22,
  author    = {Kristijonas Cyras, Timotheus Kampik, Qingtao Weng},
  title     = {Dispute Trees as Explanations in Quantitative (Bipolar) Argumentation},
  booktitle = {ARGXAI@COMMA},
  series    = {{CEUR} Workshop Proceedings},
  volume    = {3209},
  pages     = {},
  COMpublisher = {CEUR-WS.org},
  year      = {2022}
}


@inproceedings{PassosT22,
  author    = {Guilherme Paulino-Passos and Francesca Toni},
  title     = {On Monotonicity of Dispute Trees as Explanations for Case-Based Reasoning with Abstract Argumentation},
  booktitle = {ARGXAI@COMMA},
  series    = {{CEUR} Workshop Proceedings},
  volume    = {3209},
  pages     = {},
  COMpublisher = {CEUR-WS.org},
  year      = {2022}
}

@proceedings{argxai22,
  editor =       {Kristijonas Čyras and Timotheus Kampik and Oana Cocarascu and Antonio Rago},
  title =        "Proceedings of the 1st International Workshop on Argumentation for eXplainable AI",
  booktitle =    "Proceedings of the 1st International Workshop on Argumentation for eXplainable AI",
 series    = {{CEUR} Workshop Proceedings},
  volume    = {3209},
   COMpublisher = {CEUR-WS.org},
  year      = {2022}
}

@inproceedings{ArieleBHS22,
  author    = {Ofer Arieli and AnneMarie Borg and Matthis Hesse and Christian Strasser},
  title     = {Explainable Logic-Based Argumentation},
  booktitle = {{COMMA}},
  series    = {FAIA},
  volume    = {353},
  pages     = {32--43},
  COMpublisher = {{IOS} Press},
  year      = {2022}
}


@incollection{GovMO21,
  author    = {Guido Governatori and Michael J. Maher and Francesco Olivieri},
  title     = {Strategic Argumentation},

editor = {Dov Gabbay and Massimiliano Giacomin and Guillermo R. Simari and Matthias Thimm},
	month = {August},
	COMpublisher = {College Publications},
	booktitle = {Handbook of Formal Argumentation (Volume 2)},
	year = {2021},
 pages     = {1679--1748},

}

@book{SimariRa2009,
  editor    = {Guillermo Ricardo Simari and
               Iyad Rahwan},
  title     = {Argumentation in Artificial Intelligence},
  COMpublisher = {Springer},
  year      = {2009}
}



@article{Bench-CaponD07,
  author    = {Trevor J. M. Bench{-}Capon and
               Paul E. Dunne},
  title     = {Argumentation in artificial intelligence},
  journal   = {Artif. Intell.},
  volume    = {171},
  number    = {10-15},
  pages     = {619--641},
  year      = {2007}
}



@incollection{EemerenV18,
  author    = {Frans H. van Eemeren and Bart Verheij},
  title     = {Argumentation Theory in Formal and Computational Perspective},
  booktitle = {Handbook of Formal Argumentation},
  editor    = {Baroni, P. and Gabbay, D. and Giacomin, M.},
  COMpublisher = {College Publications},
  pages     = {3--74},
  year      = {2018}
}



@article{LawrenceR19,
  author    = {John Lawrence and
               Chris Reed},
  title     = {Argument Mining: {A} Survey},
  journal   = {Comput. Linguistics},
  volume    = {45},
  number    = {4},
  pages     = {765--818},
  year      = {2019}
}

@book{StedeS18,
  author    = {Manfred Stede and
               Jodi Schneider},
  title     = {Argumentation Mining},
  series    = {Synthesis Lectures on Human Language Technologies},
  COMpublisher = {Morgan {\&} Claypool Publishers},
  year      = {2018}
}

@incollection{Bochman18,
  author    = {Alexander Bochman},
  title     = {Argumentation, Nonmonotonic Reasoning and Logic},
  booktitle = {Handbook of Formal Argumentation},
  editor    = {Baroni, P. and Gabbay, D. and Giacomin, M.},
  COMpublisher = {College Publications},
  pages     = {981--1016},
  year      = {2018}
}


@incollection{BudzynskaV18,
  author    = {Katarzyna Budzynska and Serena Villata},
  title     = {Processing Natural Language Argumentation},
  booktitle = {Handbook of Formal Argumentation},
  editor    = {Baroni, bP. and Gabbay, D. and Giacomin, M.},
  COMpublisher = {College Publications},
  pages     = {577--627},
  year      = {2018}
}



@inproceedings{YangDGKMR22,
  author    = {Raimund Dachselt and
               Sarah A. Gaggl and
               Markus Kr{\"{o}}tzsch and
               Juli{\'{a}}n M{\'{e}}ndez and
               Dominik Rusovac and
               Mei Yang},
  title     = {{NEXAS:} {A} Visual Tool for Navigating and Exploring Argumentation
               Solution Spaces},
  booktitle = {{COMMA}},
  series    = {FAIA},
  volume    = {353},
  pages     = {116--127},
  COMpublisher = {{IOS} Press},
  year      = {2022}
}



@inproceedings{LawrenceVR22,
  author    = {John Lawrence and
               Jacky Visser and
               Chris Reed},
  title     = {Polemicist: {A} Dialogical Interface for Exploring Complex Debates},
  booktitle = {{COMMA}},
  series    = {FAIA},
  volume    = {353},
  pages     = {365--366},
  COMpublisher = {{IOS} Press},
  year      = {2022}
}

@inproceedings{ZografistouVLR22,
  author    = {Dimitra Zografistou and
               Jacky Visser and
               John Lawrence and
               Chris Reed},
  title     = {ACH-Nav: Argument Navigation Using Techniques for Intelligence Analysis},
  booktitle = {{COMMA}},
  series    = {FAIA},
  volume    = {353},
  pages     = {377--378},
  COMpublisher = {{IOS} Press},
  year      = {2022}
}

@article{bench2022,
  title={Thirty years of Artificial Intelligence and Law: Editor’s Introduction},
  author={Bench-Capon, Trevor},
  journal={Artificial Intelligence and Law},
  pages={1--5},
  year={2022},
  COMpublisher={Springer}
}

@article{caropresevz2022,
  title={Argumentation approaches for explanaible {AI} in medical informatics},
  author={Caroprese, Luciano and Vocaturo, Eugenio and Zumpano, Ester},
  journal={Intelligent Systems with Applications},
  volume={16},
  pages={200109},
  year={2022},
  COMpublisher={Elsevier}
}


@proceedings{argml22,
  editor =       {Isabelle Kuhlmann and Jack Mumford and Stefan Sarkadi},
  title =        "Proceedings of the 1st Workshop on Argumentation \& Machine Learning",
  booktitle =    "Proceedings of the 1st Workshop on Argumentation \& Machine Learning",
 series    = {{CEUR} Workshop Proceedings},
  volume    = {3208},
   COMpublisher = {CEUR-WS.org},
  year      = {2022}
}

@article{LangerOSHKSSB21,
  author    = {Markus Langer and
               Daniel Oster and
               Timo Speith and
               Holger Hermanns and
               Lena K{\"{a}}stner and
               Eva Schmidt and
               Andreas Sesing and
               Kevin Baum},
  title     = {What do we want from Explainable Artificial Intelligence (XAI)? -
               {A} stakeholder perspective on {XAI} and a conceptual model guiding
               interdisciplinary {XAI} research},
  journal   = {Artif. Intell.},
  volume    = {296},
  pages     = {103473},
  year      = {2021}
}


@article{meske2022,
  title={Explainable artificial intelligence: objectives, stakeholders, and future research opportunities},
  author={Meske, Christian and Bunde, Enrico and Schneider, Johannes and Gersch, Martin},
  journal={Information Systems Management},
  volume={39},
  number={1},
  pages={53--63},
  year={2022},
  COMpublisher={Taylor \& Francis}
}


@article{arrieta2020,
  title={Explainable Artificial Intelligence (XAI): Concepts, taxonomies, opportunities and challenges toward responsible AI},
  author={Arrieta, Alejandro Barredo and D{\'\i}az-Rodr{\'\i}guez, Natalia and Del Ser, Javier and Bennetot, Adrien and Tabik, Siham and Barbado, Alberto and Garc{\'\i}a, Salvador and Gil-L{\'o}pez, Sergio and Molina, Daniel and Benjamins, Richard and others},
  journal={Information fusion},
  volume={58},
  pages={82--115},
  year={2020},
  COMpublisher={Elsevier}
}


@article{MinhWLN22,
  author    = {Dang Minh and
               H. Xiang Wang and
               Y. Fen Li and
               Tan N. Nguyen},
  title     = {Explainable artificial intelligence: a comprehensive review},
  journal   = {Artif. Intell. Rev.},
  volume    = {55},
  number    = {5},
  pages     = {3503--3568},
  year      = {2022}
}

@inproceedings{biran2017,
  title={Explanation and justification in machine learning: A survey},
  author={Biran, Or and Cotton, Courtenay},
  booktitle={IJCAI-17 workshop on explainable AI (XAI)},
  volume={8},
  number={1},
  pages={8--13},
  year={2017}
}

@article{carvalho2019,
  title={Machine learning interpretability: A survey on methods and metrics},
  author={Carvalho, Diogo V and Pereira, Eduardo M and Cardoso, Jaime S},
  journal={Electronics},
  volume={8},
  number={8},
  pages={832},
  year={2019},
  COMpublisher={MDPI}
}


@inproceedings{mittelstadt2019,
  title={Explaining explanations in AI},
  author={Mittelstadt, Brent and Russell, Chris and Wachter, Sandra},
  booktitle={Proceedings of the conference on fairness, accountability, and transparency},
  pages={279--288},
  year={2019}
}

@article{guidotti2018,
  title={A survey of methods for explaining black box models},
  author={Guidotti, Riccardo and Monreale, Anna and Ruggieri, Salvatore and Turini, Franco and Giannotti, Fosca and Pedreschi, Dino},
  journal={ACM computing surveys (CSUR)},
  volume={51},
  number={5},
  pages={1--42},
  year={2018},
  COMpublisher={ACM New York, NY, USA}
}


@article{adadi2018,
  title={Peeking inside the black-box: a survey on explainable artificial intelligence (XAI)},
  author={Adadi, Amina and Berrada, Mohammed},
  journal={IEEE access},
  volume={6},
  pages={52138--52160},
  year={2018},
  COMpublisher={IEEE}
}

@incollection{modgiletal2013,
  title={The added value of argumentation},
  author={Modgil, Sanjay and Toni, Francesca and Bex, Floris and Bratko, Ivan and Chesnevar, Carlos I and Dvo{\v{r}}{\'a}k, Wolfgang and Falappa, Marcelo A and Fan, Xiuyi and Gaggl, Sarah A. and Garc{\'\i}a, Alejandro J and others},
  booktitle={Agreement technologies},
  pages={357--403},
  year={2013},
  COMpublisher={Springer}
}


@inproceedings{garciarcsr2009,
  title={Explaining why something is warranted in defeasible logic programming},
  author={Garc{\'\i}a, Alejandro Javier and Rotstein, Nicol{\'a}s D and Ches{\~n}evar, Carlos Iv{\'a}n and Simari, Guillermo Ricardo},
  booktitle={Proceedings of the Fourth International Conference on Explanation-aware Computing},
  pages={25--36},
  year={2009}
}

@article{Kowalski79,
  author    = {Robert A. Kowalski},
  title     = {Algorithm = Logic + Control},
  journal   = {Commun. {ACM}},
  volume    = {22},
  number    = {7},
  pages     = {424--436},
  year      = {1979}
}



@proceedings{lpnmr2022,
  editor    = {Georg Gottlob and
               Daniela Inclezan and
               Marco Maratea},
  title     = {Logic Programming and Nonmonotonic Reasoning - 16th International
               Conference, {LPNMR} 2022, Genova, Italy, September 5-9, 2022, Proceedings},
  series    = {LNCS},
  volume    = {13416},
  COMpublisher = {Springer},
  year      = {2022}
}





@proceedings{iclp2022,
  title={Proceedings 38th International Conference on Logic Programming},
  author={Lierler, Yuliya and Morales, Jose F and Dodaro, Carmine and Dahl, Veronica and Gebser, Martin and Tekle, Tuncay},
  journal={arXiv preprint arXiv:2208.02685},
  year={2022}
}

@proceedings{ruleml2019,
  editor    = {Paul Fodor and
               Marco Montali and
               Diego Calvanese and
               Dumitru Roman},
  title     = {Rules and Reasoning - Third International Joint Conference, RuleML+RR
               2019, Bolzano, Italy, September 16-19, 2019, Proceedings},
  series    = {LNCS},
  volume    = {11784},
  COMpublisher = {Springer},
  year      = {2019}
}


@incollection{GarciaS18,
  author    = {Alejandro J. Garc\'ia, Guillermo R. Simari},
  title     = {Argumentation Based on Logic Programming},
  booktitle = {Handbook of Formal Argumentation},
  editor    = {Baroni, P. and Gabbay, D. and Giacomin, M.},
  COMpublisher = {College Publications},
  pages     = {409--435},
  year      = {2018}
}



@inproceedings{Speith22,
  author    = {Timo Speith},
  title     = {A Review of Taxonomies of Explainable Artificial Intelligence {(XAI)}
               Methods},
  booktitle = {FAccT},
  pages     = {2239--2250},
  COMpublisher = {{ACM}},
  year      = {2022}
}


@article{PrakkenR22,
  author    = {Henry Prakken and
               Rosa Ratsma},
  title     = {A top-level model of case-based argumentation for explanation: Formalisation
               and experiments},
  journal   = {Argument Comput.},
  volume    = {13},
  number    = {2},
  pages     = {159--194},
  year      = {2022}
}



@incollection{brewkaHOFA18,
  title={Abstract dialectical frameworks},
  author={Brewka, Gerd and Ellmauthaler, Stefan and Strass, Hannes and Wallner, Johannes P. and Woltran, Stefan},
 booktitle = {Handbook of Formal Argumentation},
  editor    = {Baroni, P. and Gabbay, D. and Giacomin, M.},
  COMpublisher = {College Publications},
  pages={237--285},
  year={2018},
}
  



@article{cayrol2021higher,
  title={Higher-order interactions (bipolar or not) in abstract argumentation: A state of the art},
  author={Cayrol, Claudette and Cohen, Andrea and Lagasquie Schiex, Marie Christine},
  year={2021},
  COMpublisher={College Publications}
}


@incollection{cayrolHOFA21,
  author    = {Cayrol, Claudette and Cohen, Andrea and Lagasquie Schiex, Marie Christine},
  title     = {Higher-order interactions (bipolar or not) in abstract argumentation: A state of the art},
  editor = {Dov Gabbay and Massimiliano Giacomin and Guillermo R. Simari and Matthias Thimm},
	month = {August},
	COMpublisher = {College Publications},
	booktitle = {Handbook of Formal Argumentation (Volume 2)},
	year = {2021}
}


@incollection{bikakisHOFA2021,
  title={Joint attacks and accrual in argumentation frameworks},
  author={Bikakis, Antonis and Cohen, Andrea and Dvor{\'a}k, Wolfgang and Flouris, Giorgos and Parsons, Simon},
  editor = {Dov Gabbay and Massimiliano Giacomin and Guillermo R. Simari and Matthias Thimm},
	month = {August},
	COMpublisher = {College Publications},
	booktitle = {Handbook of Formal Argumentation (Volume 2)},
	year = {2021}
}


@incollection{atkinsonHOFA21,
  title={Value-based Argumentation},
  author={Atkinson, Katie and Bench-Capon, Trevor JM},
editor = {Dov Gabbay and Massimiliano Giacomin and Guillermo R. Simari and Matthias Thimm},
	month = {August},
	COMpublisher = {College Publications},
	booktitle = {Handbook of Formal Argumentation (Volume 2)},
	year = {2021}
}


@incollection{bistarelliHOFA2021,
  title={Weighted Argumentation},
  author={Bistarelli, Stefano and Santini, Francesco},
 editor = {Dov Gabbay and Massimiliano Giacomin and Guillermo R. Simari and Matthias Thimm},
	month = {August},
	COMpublisher = {College Publications},
	booktitle = {Handbook of Formal Argumentation (Volume 2)},
	year = {2021}
}


@incollection{hunterHOFA2021,
  title={Probabilistic argumentation: A survey},
  author={Hunter, Anthony and Polberg, Sylwia and Potyka, Nico and Rienstra, Tjitze and Thimm, Matthias},
   editor = {Dov Gabbay and Massimiliano Giacomin and Guillermo R. Simari and Matthias Thimm},
	month = {August},
	COMpublisher = {College Publications},
	booktitle = {Handbook of Formal Argumentation (Volume 2)},
	year = {2021}
}


@inproceedings{Dunne22,
  author    = {Paul E. Dunne},
  title     = {Well, to Be Honest, {I} Wouldnt Start from Here at All},
  booktitle = {{COMMA}},
  series    = {FAIA},
  volume    = {353},
  pages     = {3--14},
  COMpublisher = {{IOS} Press},
  year      = {2022}
}

@incollection{BesnardH18,
  author    = {Philippe Besnard and Anthony Hunter},
  title     = {A Review of Argumentation Based on Deductive Arguments},
  booktitle = {Handbook of Formal Argumentation},
  editor    = {Baroni, P. and Gabbay, D. and Giacomin, M.},
  COMpublisher = {College Publications},
  pages     = {437--484},
  year      = {2018}
}

@incollection{Caminada18b,
  author    = {Martin Caminada},
  title     = {Rationality Postulates: Applying Argumentation Theory for Non-monotonic Reasoning},
  booktitle = {Handbook of Formal Argumentation},
  editor    = {Baroni, P. and Gabbay, D. and Giacomin, M.},
  COMpublisher = {College Publications},
  pages     = {771--795},
  year      = {2018}
}

@inproceedings{LehtonenWJ22b,
  author    = {Tuomo Lehtonen and
               Johannes P. Wallner and
               Matti J{\"{a}}rvisalo},
  COMeditor    = {Gabriele Kern{-}Isberner and
               Gerhard Lakemeyer and
               Thomas Meyer},
  pages     = {215--225},
  title     = {Computing Stable Conclusions under the Weakest-Link Principle in the
               {ASPIC+} Argumentation Formalism},
  booktitle = {Proc.~{KR}},
  year      = {2022}
}


@inproceedings{DungT10,
  author    = {Phan Minh Dung and
               Phan Minh Thang},
  title     = {Towards (Probabilistic) Argumentation for Jury-based Dispute Resolution},
  booktitle = {{COMMA}},
  series    = {FAIA},
  volume    = {216},
  pages     = {171--182},
  COMpublisher = {{IOS} Press},
  year      = {2010}
}

@inproceedings{FanT13,
  author    = {Xiuyi Fan and
               Francesca Toni},
  title     = {Decision Making with Assumption-Based Argumentation},
  booktitle = {{TAFA}},
  series    = {LNCS},
  volume    = {8306},
  pages     = {127--142},
  COMpublisher = {Springer},
  year      = {2013}
}

@inproceedings{ZengSCLWCM20,
  author    = {Zhiwei Zeng and
               Zhiqi Shen and
               Jing Jih Chin and
               Cyril Leung and
               Yu Wang and
               Ying Chi and
               Chunyan Miao},
  title     = {Explainable and Contextual Preferences based Decision Making with
               Assumption-based Argumentation for Diagnostics and Prognostics of
               Alzheimer's Disease},
  booktitle = {{AAMAS}},
  pages     = {2071--2073},
  COMpublisher = {IFAAMAS},
  year      = {2020}
}


@inproceedings{FanTMW14,
  author    = {Xiuyi Fan and
               Francesca Toni and
               Andrei Mocanu and
               Matthew Williams},
  title     = {Dialogical two-agent decision making with assumption-based argumentation},
  booktitle = {{AAMAS}},
  pages     = {533--540},
  COMpublisher = {{IFAAMAS/ACM}},
  year      = {2014}
}

@article{CyrasOKT21,
  author    = {Kristijonas Cyras and
               Tiago Oliveira and
               Amin Karamlou and
               Francesca Toni},
  title     = {Assumption-based argumentation with preferences and goals for patient-centric
               reasoning with interacting clinical guidelines},
  journal   = {Argument Comput.},
  volume    = {12},
  number    = {2},
  pages     = {149--189},
  year      = {2021}
}

@article{Prakken10,
  author    = {Henry Prakken},
  title     = {An abstract framework for argumentation with structured arguments},
  journal   = {Argument Comput.},
  volume    = {1},
  number    = {2},
  pages     = {93--124},
  year      = {2010}
}

@article{Prakken20,
  author    = {Henry Prakken},
  title     = {An Argumentation-Based Analysis of the Simonshaven Case},
  journal   = {Top. Cogn. Sci.},
  volume    = {12},
  number    = {4},
  pages     = {1068--1091},
  year      = {2020}
}

@article{prakkenet15,
  title={A formalization of argumentation schemes for legal case-based reasoning in ASPIC+},
  author={Prakken, Henry and Wyner, Adam and Bench-Capon, Trevor and Atkinson, Katie},
  journal={Journal of Logic and Computation},
  volume={25},
  number={5},
  pages={1141--1166},
  year={2015},
  COMpublisher={Oxford University Press}
}

@inproceedings{Bench-CaponPWA13,
  author    = {Trevor J. M. Bench{-}Capon and
               Henry Prakken and
               Adam Z. Wyner and
               Katie Atkinson},
  title     = {Argument schemes for reasoning with legal cases using values},
  booktitle = {{ICAIL}},
  pages     = {13--22},
  COMpublisher = {{ACM}},
  year      = {2013}
}


@incollection{Prakken15,
  author    = {Henry Prakken},
  title     = {Formalising Debates About Law-Making Proposals as Practical Reasoning},
  booktitle = {Logic in the Theory and Practice of Lawmaking},
  series    = {Legisprudence Library},
  volume    = {2},
  pages     = {301--321},
  COMpublisher = {Springer},
  year      = {2015}
}


@inproceedings{BorgB20,
  author    = {AnneMarie Borg and
               Floris Bex},
  title     = {Explaining Arguments at the Dutch National Police},
  booktitle = {{AICOL}},
  series    = {LNCS},
  volume    = {13048},
  pages     = {183--197},
  COMpublisher = {Springer},
  year      = {2020}
}

@inproceedings{SchraagenOTB18,
  author    = {Marijn Schraagen and
               Daphne Odekerken and
               Bas Testerink and
               Floris Bex},
  title     = {Argumentation-Driven Information Extraction for Online Crime Reports},
  booktitle = {{CIKM} Workshops},
  series    = {{CEUR} Workshop Proceedings},
  volume    = {2482},
  COMpublisher = {CEUR-WS.org},
  year      = {2018}
}

@article{MacagnoWR17,
  author    = {Fabrizio Macagno and
               Douglas Walton and
               Chris Reed},
  title     = {Argumentation Schemes. History, Classifications, and Computational
               Applications},
  journal   = {{FLAP}},
  volume    = {4},
  number    = {8},
  year      = {2017}
}

@inproceedings{MalyW21,
  author    = {Jan Maly and
               Johannes P. Wallner},
  title     = {Ranking Sets of Defeasible Elements in Preferential Approaches to
               Structured Argumentation: Postulates, Relations, and Characterizations},
  booktitle = {Proc.~{AAAI}},
  pages     = {6435--6443},
  COMpublisher = {{AAAI} Press},
  year      = {2021}
}





@incollection{kacivvv21,
 title={Preference in abstract argumentation},
  author={Kaci, Souhila and van Der Torre, Leendert and Vesic, Srdjan and Villata, Serena},
   editor = {Dov Gabbay and Massimiliano Giacomin and Guillermo R. Simari and Matthias Thimm},
	month = {August},
	COMpublisher = {College Publications},
	booktitle = {Handbook of Formal Argumentation (Volume 2)},
	year = {2021}
}


@inproceedings{FichteGR22,
  author    = {Johannes Klaus Fichte and
               Sarah A. Gaggl and
               Dominik Rusovac},
  title     = {Rushing and Strolling among Answer Sets - Navigation Made Easy},
  booktitle = {{AAAI}},
  pages     = {5651--5659},
  COMpublisher = {{AAAI} Press},
  year      = {2022}
}



@inproceedings{Yang22,
  author    = {Raimund Dachselt and
               Sarah A. Gaggl and
               Markus Kr{\"{o}}tzsch and
               Juli{\'{a}}n M{\'{e}}ndez and
               Dominik Rusovac and
               Mei Yang},
  title     = {{NEXAS:} {A} Visual Tool for Navigating and Exploring Argumentation
               Solution Spaces},
  booktitle = {{COMMA}},
  series    = {FAIA},
  volume    = {353},
  pages     = {116--127},
  COMpublisher = {{IOS} Press},
  year      = {2022}
}



@inproceedings{BohlG22,
  author    = {Elisa B{\"{o}}hl and
               Sarah A. Gaggl},
  title     = {Tunas - Fishing for Diverse Answer Sets: {A} Multi-shot Trade up Strategy},
  booktitle = {{LPNMR}},
  series    = {LNCS},
  volume    = {13416},
  pages     = {89--102},
  COMpublisher = {Springer},
  year      = {2022}
}

@inproceedings{OdekerkenBB20,
  author    = {Daphne Odekerken and
               AnneMarie Borg and
               Floris Bex},
  COMeditor    = {Henry Prakken and
               Stefano Bistarelli and
               Francesco Santini and
               Carlo Taticchi},
  title     = {Estimating Stability for Efficient Argument-Based Inquiry},
  booktitle = {Proc.~{COMMA}},
  series    = {FAIA},
  volume    = {326},
  pages     = {307--318},
  COMpublisher = {{IOS} Press},
  year      = {2020}
}



